@article{fortier,
  author          = {Quentin FORTIER},
  journal         = {CPGE-ITC},
  title           = {Informatique commune en 1ère année en CPGE},
  year            = {2022},
  url             = {https://cpge-itc.github.io/itc1/   },
}
@website{lassus,
  author          = {Gilles LASSUS},
  title           = {Terminale NSI - Lycée François Mauriac - Bordeaux},
  year            = {2021},
  url             = {https://glassus.github.io/terminale_nsi/},
}